@book{traffic,
    author = "Martin Treiber and Arne Kesting",
    title = "Traffic Flow Dynamics: Data, Models and Simulation",
    year = "2013",
    publisher = "Springer",
    address = "Berlin Heidelberg",
    isbn = "978-3-642-32459-8",
    keyword = "traffic flow"
}